%% This BibTeX bibliography file was created using BibDesk.
%% http://bibdesk.sourceforge.net/


%% Created for Maziar Taghiyar-Zamani at 2010-05-25 01:03:44 +0200 


%% Saved with string encoding Unicode (UTF-8) 



@book{Ana1,
	Author = {S{\o}ren Hassing, Ren{\'e} Skov Hansen},
	Date-Added = {2010-05-25 00:54:58 +0200},
	Date-Modified = {2010-05-25 01:03:43 +0200},
	Publisher = {Ingeni{\o}rh{\o}jskolen Odense Tenikum},
	Title = {Elektrofysik (E-ANA 1) Supplerende noter},
	Year = {1997}}

@book{Kreyszig,
	Address = {Hoboken, NJ},
	Annote = {LDR    01734cam  2200481 a 4500
001    13821625
005    20080711083103.0
008    041220s2006    njua     b    001 0 eng  
906    $a7$bcbc$corignew$d1$eocip$f20$gy-gencatlg
925 0  $aacquire$b1 shelf copy$xpolicy default
955    $apc12 2004-12-20 to ASCD$ijf07 2004-12-21 to SL$ejg07 2004-12-27 to Dewey$aaa07 2004-12-28$aps04 2006-05-24 1 copy rec'd., to CIP ver.$fpv01 2006-06-06 Z-CipVer
010    $a  2004065932
015    $aGBA573295$2bnb
015    $aGBA571284$2bnb
015    $aGBA571285$2bnb
015    $aGBA571286$2bnb
015    $aGBA579439$2bnb
016 7  $a013282973$2Uk
016 7  $a013279043$2Uk
016 7  $a013279044$2Uk
016 7  $a013279045$2Uk
016 7  $a013296564$2Uk
020    $a0471488852 (cloth)
020    $a0471728977 (hbk.)
020    $a0471726443 (pbk.)
020    $a0471726451 (pbk.)
020    $a047172646X (pbk.)
020    $a9780471488859
035    $a(OCoLC)ocm57349166
040    $aDLC$cDLC$dBAKER$dUKM$dC#P$dDLC
050 00 $aQA401$b.K7 2006
082 00 $a510/.2462$222
100 1  $aKreyszig, Erwin.
245 10 $aAdvanced engineering mathematics /$cErwin Kreyszig.
250    $a9th ed.
260    $aHoboken, NJ :$bJohn Wiley,$cc2006.
300    $a1 v. (various pagings) :$bill. ;$c27 cm.
504    $aIncludes bibliographical references and index.
650  0 $aMathematical physics.
650  0 $aEngineering mathematics.
856 42 $3Publisher description$uhttp://www.loc.gov/catdir/enhancements/fy0619/2004065932-d.html
856 41 $3Table of contents only$uhttp://www.loc.gov/catdir/enhancements/fy0619/2004065932-t.html
991    $br-SciRR$hQA401$i.K7 2006$tCopy 1$wGenBib
},
	Author = {Kreyszig, Erwin},
	Call-Number = {QA401},
	Date-Added = {2010-05-24 18:22:50 +0200},
	Date-Modified = {2010-05-24 18:37:08 +0200},
	Dewey-Call-Number = {510/.2462},
	Edition = {9th ed},
	Genre = {Mathematical physics},
	Isbn = {0471488852 (cloth)},
	Library-Id = {2004065932},
	Publisher = {John Wiley},
	Title = {Advanced engineering mathematics},
	Url = {http://www.loc.gov/catdir/enhancements/fy0619/2004065932-d.html},
	Year = {2006},
	Bdsk-Url-1 = {http://www.loc.gov/catdir/enhancements/fy0619/2004065932-d.html}}

@book{Straingauge,
	Author = {Karl Hoffmann},
	Date-Added = {2010-05-24 13:08:51 +0200},
	Date-Modified = {2010-05-24 13:09:41 +0200},
	Publisher = {Hottinger Baldwin Messtechnik GmbH},
	Title = {An Introduction to Measurements using Strain Gages},
	Year = {1989}}

@book{Fishbane,
	Address = {Upper Saddle River, N.J.},
	Annote = {LDR    01652cam  2200349 a 4500
001    13307408
005    20041129072156.0
008    030811s2005    njua          001 0 eng  
906    $a7$bcbc$corignew$d1$eocip$f20$gy-gencatlg
925 0  $aacquire$b1 shelf copy$xpolicy default
955    $apc10 2003-08-11 to ASCD$ijp99 2003-08-12$ejp05 2003-08-12 to Dewey$aaa01 2003-08-13$aps10 2004-03-31 v. 1 rec'd, to CIP ver.$ajp00 2004-04-02$fjp99 2004-04-07 v.1 to SL$gjp14 2004-04-20 v.1 to BCCD$cjp20 2004-09-13 (added v. 2) to SL$ejp05 2004-10-01 to BCCD(v.2,c.1)$cpv01 2004-11-29 v. 3 added to BCCD
955    $aADDED VOLS: v. 3 ps08 2004-10-08 to HLCD
010    $a  2003058209
020    $a0131418831 (v. 1 : alk. paper)
020    $a0131418815 (v. 2)
020    $a0131418823 (v. 3)
040    $aDLC$cDLC$dDLC
050 00 $aQC23.2$b.F58 2005
082 00 $a530$222
100 1  $aFishbane, Paul M.
245 10 $aPhysics for scientists and engineers /$cPaul M. Fishbane, Stephen G. Gasiorowicz, Stephen T. Thornton.
250    $a3rd ed.
260    $aUpper Saddle River, N.J. :$bPearson Prentice Hall,$cc2005.
300    $a3 v. :$bill. (some col.) ;$c28 cm.
500    $aIncludes indexes.
650  0 $aPhysics.
700 1  $aGasiorowicz, Stephen.
700 1  $aThornton, Stephen T.
952    $aComplete in 3 v.; galleys recd. for all vols.--jp99 2003-08-12
952    $aCATALOGER: ISBN for set (0131420941), given at galley stage, not found in v.1. Please add to record if given in subsequent v.--jp99 2004-04-07
952    $aISBN for set not found in v. 2--jp20 2004-09-13
952    $aVols. 1-2 have various pagings--jp20 2004-09-13
},
	Author = {Fishbane, Paul M and Gasiorowicz, Stephen and Thornton, Stephen T},
	Call-Number = {QC23.2},
	Date-Added = {2010-05-24 12:20:52 +0200},
	Date-Modified = {2010-05-24 12:21:01 +0200},
	Dewey-Call-Number = {530},
	Edition = {3rd ed},
	Genre = {Physics},
	Isbn = {0131418831 (v. 1 : alk. paper)},
	Library-Id = {2003058209},
	Publisher = {Pearson Prentice Hall},
	Title = {Physics for scientists and engineers},
	Year = {2005}}

@book{Deformerbarelegemer,
	Author = {Ivar Balslev},
	Date-Added = {2010-05-23 23:22:51 +0200},
	Date-Modified = {2010-05-23 23:24:07 +0200},
	Publisher = {M{\ae}rsk Instituttet, Syddansk Universitet},
	Title = {Noter til kursuselementet MAT2, Matematikken bag deformerbare legemers mekanik},
	Year = {2007}}

@book{Biomekanik,
	Author = {John Rasmussen, Maxine Kwan, Johnny Jakobsen},
	Date-Added = {2010-05-23 22:46:29 +0200},
	Date-Modified = {2010-05-24 13:09:52 +0200},
	Publisher = {Institut for Maskinteknik Aalborg Universitet},
	Title = {Introduktion til biomekanik for idr{\ae}tsstuderende},
	Year = {2007}}

@book{Styrkelaere,
	Author = {Preben Madsen},
	Date-Added = {2010-05-23 15:45:01 +0200},
	Date-Modified = {2010-05-24 12:24:58 +0200},
	Edition = {3. udgave},
	Publisher = {Erhvervsskolernes Forlag},
	Title = {Teknisk Styrkel{\ae}re},
	Year = {2007}}

@book{Walker,
	Address = {Hoboken, NJ},
	Annote = {LDR    01277cam  2200301 a 4500
001    16102234
005    20100304141058.0
008    100223s2008    njua          001 0 eng  
906    $a7$bcbc$corigcop$d3$encip$f20$gy-gencatlg
925 0  $aacquire$b1 shelf copy$xpolicy default
955    $axh00 2010-02-23$ixh07 2010-02-26 to CALM
010    $a  2010286533
020    $a9780471758013
040    $aDLC$cDLC$dDLC
050 00 $aQC21.3$b.H35 2008b
100 1  $aWalker, Jearl,$d1945-
245 10 $aFundamentals of physics.
246 1  $iAt head of title:$aHalliday/Resnick
250    $a8e, extended /$bJearl Walker.
260    $aHoboken, NJ :$bWiley,$cc2008.
300    $axxii, 1248, 15, 13, 22 p. :$bill. (chiefly col.) ;$c28 cm.
500    $aIncludes indexes.
500    $aRev. ed. of: Fundamentals of physics / David Halliday, Robert Resnick, Jearl Walker. 7th ed., extended. c2005.
650  0 $aPhysics$vTextbooks.
700 1  $aHalliday, David,$d1916-$tFundamentals of physics.
856 41 $3Table of contents only$uhttp://www.loc.gov/catdir/enhancements/fy1006/2010286533-t.html
856 42 $3Publisher description$uhttp://www.loc.gov/catdir/enhancements/fy1006/2010286533-d.html
952    $aPCN 2006041375 printed in the book used on the 8th ed.: xh07 2010-02-23
},
	Author = {Walker, Jearl and Halliday, David},
	Call-Number = {QC21.3},
	Date-Added = {2010-05-23 15:42:12 +0200},
	Date-Modified = {2010-05-23 22:15:56 +0200},
	Edition = {8e, extended},
	Genre = {Physics},
	Isbn = {9780471758013},
	Library-Id = {2010286533},
	Publisher = {Wiley},
	Title = {Fundamentals of physics},
	Url = {http://www.loc.gov/catdir/enhancements/fy1006/2010286533-t.html},
	Year = {2008},
	Bdsk-Url-1 = {http://www.loc.gov/catdir/enhancements/fy1006/2010286533-t.html}}

@book{Mazidi,
	Address = {Upper Saddle River, N.J.},
	Annote = {LDR    01254cam  2200313 a 4500
001    15942549
005    20100416084249.0
008    091013s2011    njua          001 0 eng  
906    $a7$bcbc$corignew$d1$eecip$f20$gy-gencatlg
925 0  $aacquire$b1 shelf copies$xpolicy default
955    $bxh09 2009-10-13$cxh09 2009-10-13 name conflict$dxh09 2009-10-14 to sl$wrd11 2009-10-15$axe07 2010-04-09 1 copy rec'd., to CIP ver.$frf06 2010-04-16 Z-CipVer
010    $a  2009039790
020    $a9780138003319 (alk. paper)
020    $a0138003319 (alk. paper)
035    $a(OCoLC)ocn456977334
040    $aDLC$cDLC$dYDX$dYDXCP$dBWX$dDLC
050 00 $aTJ223.P76$bM378136 2011
082 00 $a004.16$222
100 1  $aMazidi, Muhammad Ali.
245 14 $aThe AVR microcontroller and embedded systems :$busing Assembly and C /$cMuhammad Ali Mazidi, Sarmad Naimi, Sepehr Naimi.
260    $aUpper Saddle River, N.J. :$bPrentice Hall,$cc2011.
300    $axiv, 776 p. :$bill. ;$c29 cm.
500    $aIncludes index.
650  0 $aAtmel AVR microcontroller.
650  0 $aEmbedded computer systems.
650  0 $aAssembler language (Computer program language)
650  0 $aC (Computer program language)
700 1  $aNaimi, Sarmad.
700 1  $aNaimi, Sepehr.
},
	Author = {Mazidi, Muhammad Ali and Naimi, Sarmad and Naimi, Sepehr},
	Call-Number = {TJ223.P76},
	Date-Added = {2010-05-23 15:40:08 +0200},
	Date-Modified = {2010-05-23 22:16:00 +0200},
	Dewey-Call-Number = {004.16},
	Genre = {Atmel AVR microcontroller},
	Isbn = {9780138003319 (alk. paper)},
	Library-Id = {2009039790},
	Publisher = {Prentice Hall},
	Title = {The AVR microcontroller and embedded systems: using Assembly and C},
	Year = {2011}}

@book{Clayton,
	Address = {Oxford},
	Annote = {LDR    01109cam  22002775a 4500
001    14035410
005    20060724213031.0
008    050713s2003    enka     b    001 0 eng  
906    $a0$bibc$corigcop$d2$encip$f20$gy-gencatlg
925 0  $aacquire$b2 shelf copies$xpolicy default
955    $apv14 2005-07-13 z-processor to ASCD$ajg00 2005-07-18$ijg05 2005-08-09$ejg05 2005-08-09
010    $a  2005279324
020    $a0750659149 (pbk.)
040    $aDLC$cDLC$dDLC
050 00 $aTK7871.58.O6$bC53 2003
100 1  $aClayton, G. B.$q(George Burbridge)
245 10 $aOperational amplifiers /$cGeorge Clayton and Steve Winder.
250    $a5th ed.
260    $aOxford ;$aBoston$bNewnes,$c2003.
300    $a386 p. :$bill. ;$c25 cm.
504    $aIncludes bibliographical references (p.[382]) and index.
650  0 $aOperational amplifiers.
650  0 $aElectronic measurements.
700 1  $aWinder, Steve.
856 42 $3Publisher description$uhttp://www.loc.gov/catdir/enhancements/fy0626/2005279324-d.html
856 41 $3Table of contents only$uhttp://www.loc.gov/catdir/enhancements/fy0626/2005279324-t.html
},
	Author = {Clayton, G. B and Winder, Steve},
	Call-Number = {TK7871.58.O6},
	Date-Added = {2010-05-23 15:39:21 +0200},
	Date-Modified = {2010-05-23 22:15:51 +0200},
	Edition = {5th ed},
	Genre = {Operational amplifiers},
	Isbn = {0750659149 (pbk.)},
	Library-Id = {2005279324},
	Publisher = {Newnes},
	Title = {Operational amplifiers},
	Url = {http://www.loc.gov/catdir/enhancements/fy0626/2005279324-d.html},
	Year = {2003},
	Bdsk-Url-1 = {http://www.loc.gov/catdir/enhancements/fy0626/2005279324-d.html}}

@book{Croft,
	Author = {Anthony Croft and Robert Davison and Martin Hargreaves},
	Date-Modified = {2010-05-23 22:15:47 +0200},
	Edition = {3},
	Publisher = {Pearson Education Ltd.},
	Title = {Engineering Mathematics},
	Year = 2001}

@book{Schwarz,
	Author = {Steven E. Schwarz and William G. Oldham},
	Date-Modified = {2010-05-23 22:15:40 +0200},
	Edition = {2},
	Publisher = {Oxford University Press},
	Title = {Electrical Engineering},
	Year = 1993}
